This file was created with JabRef 2.1 beta 2.
Encoding: ISO8859_1

@PHDTHESIS{Zan08a,
  author = {Roland Zander},
  title = {{Flexible Multibody Systems with Set-Valued Force Laws}},
  school = {TU M\"unchen},
  year = {2008}
}

@ARTICLE{Zan08,
  author = {Roland Zander and Thorsten Schindler and Markus Friedrich and Robert
	Huber and Martin Förg and Heinz Ulbrich},
  title = {{Non-smooth dynamics in academia and industry: recent work at TU
	München}},
  journal = {Acta Mechanica},
  year = {2008},
  volume = {195},
  pages = {167-183}
}

@PHDTHESIS{Foer07,
  author = {Martin Förg},
  title = {Mehrkörpersysteme mit mengenwertigen Kraftgesetzen - Theorie und
	Numerik},
  school = {TU München},
  year = {2007}
}

@UNPUBLISHED{Foer06,
  author = {Martin Förg},
  title = {Mehrkörpersimulation},
  note = {Vorlesungsskript, München},
  year = {2006, Version 19.06.2008}
}

